@ARTICLE{BRUE11,
  author = {Brüderle, D. and Petrovici, M.A. and Vogginger, B. and Ehrlich,
       M. and Pfeil, T. and Millner, S. and Grübl, A. and Wendt, K. and
       Müller, E. and Schwartz, M.O. and Husmann de Oliveira, D. and Jeltsch,
       S. and Fieres, J. and Schilling, M. and Müller, P. and Breitwieser,
       O. and Petkov, V. and Muller, L. and Davison, A.P. and Krishnamurthy,
       P. and Kremkow, J. and Lundqvist, M. and Muller, E. and Partzsch,
       J. and Scholze, S. and Zühl, L. and Mayr, C. and Destexhe, A. and
       Diesmann, M. and Potjans, T.C. and Lansner, A. and Schüffny, R.
       and Schemmel, J. and Meier, K.},
  title = {A Comprehensive Workflow for General-Purpose Neural Modeling
       with Highly Configurable Neuromorphic Hardware Systems},
  journal = {Biological Cybernetics},
  year = {2011},
  volume = {104 (4)},
  pages = {263--296},
}
